% math
@abbreviation{gcd,
  short = {gcd},
  identifier = {Math},
  long  = {greatest common divisor}
}
% cs
@abbreviation{svm,
  short = {SVM},
  identifier = {CS},
  long  = {Support Vector Machine}
}
@abbreviation{gd,
  short = {GD},
  identifier = {CS},
  long  = {Gradient Descent}
}
% physics
@abbreviation{qft,
  short = {QFT},
  identifier = {Physics},
  long  = {Quantum Field Theory}
}
@abbreviation{qm,
  short = {QM},
  identifier = {Physics},
  long  = {Quantum Mechanics}
}
