% math
@symbol{v,
  name        = {$\vec{v}$},
  text        = {$\vec{v}$},
  identifier  = {Math},
  description = {a vector}
}
@symbol{real_number,
  name        = {$\mathbb{R}$},
  text        = {$\mathbb{R}$},
  identifier  = {Math},
  description = {the set of all real numbers}
}
@symbol{natural_number,
  name        = {$\mathbb{N}$},
  text        = {$\mathbb{N}$},
  identifier  = {Math},
  description = {the set of all natural numbers}
}
@symbol{complex_number,
  name        = {$\mathbb{C}$},
  text        = {$\mathbb{C}$},
  identifier  = {Math},
  description = {the set of all complex numbers}
}
% physics
@symbol{hamiltonian,
  name        = {$\hat{H}$},
  text        = {$\hat{H}$},
  identifier  = {Physics},
  description = {Hamiltonian}
}
@symbol{lagrangian,
  name        = {$L$},
  text        = {$L$},
  identifier  = {Physics},
  description = {Lagrangian}
}
% CS
@symbol{algorithm,
  name        = {$\mathcal{A}$},
  text        = {$\mathcal{A}$},
  identifier  = {CS},
  description = {Algorithm}
}